@book{ai,
	author = "Russel, Stuart and Norvig, Peter",
	title= "Artificial Intelligence: A Modern Approach",
	year="2010",
	publisher = "Pearson Education",
	edition ="3rd",
	address="Upper Saddle River, New Jersey 07458",
}

@book{reactive,
author = "Gerhard Weiss",
title = "Multiagent Systems: A Modern Approach to Distributed Artificial Intelligence",
year = "1999",
publisher = "MIT Press",
address = "Cambridge, Massachusetts",
}



